<?xml version="1.0" encoding="UTF-8"?><collection xmlns="http://www.loc.gov/MARC21/slim"><record><leader>00444nam--2200169-i-4500</leader><controlfield tag="001">000012051</controlfield><controlfield tag="002">20161230</controlfield><controlfield tag="005">20161230201029</controlfield><controlfield tag="008">060222s1000------------r-----000-0-eng-d</controlfield><datafield ind1=" " ind2=" " tag="040"><subfield code="a">IFIN-HH</subfield></datafield><datafield ind1=" " ind2=" " tag="080"><subfield code="a">517.95</subfield></datafield><datafield ind1="1" ind2=" " tag="100"><subfield code="a">Bateman, H</subfield></datafield><datafield ind1="1" ind2="0" tag="245"><subfield code="a">Partial differential equations of mathematical physics</subfield><subfield code="c">H. bateman</subfield></datafield><datafield ind1=" " ind2=" " tag="260"><subfield code="a">New York</subfield><subfield code="b">Dover Publications</subfield><subfield code="c">1954</subfield></datafield><datafield ind1=" " ind2=" " tag="300"><subfield code="a">522 P</subfield></datafield><datafield ind1=" " ind2=" " tag="852"><subfield code="a">44560</subfield><subfield code="c">H.H</subfield></datafield><datafield ind1=" " ind2=" " tag="CAT"><subfield code="a">Sys</subfield><subfield code="c">20130412</subfield><subfield code="h">122215</subfield></datafield></record></collection>